@online{pub1,
	author = {FamName, Name and SecFamName, SecName and ThirdFamName, ThirdName},
	title  = {pub1title},
	year   = {2023},
	url    = {https://doi.org/12.3456/asd},
}

@unpublished{pub2,
	author = {FamName, Name and SecFamName, SecName and ThirdFamName, ThirdName},
	title  = {pub2title},
	year   = {in preparation},
}
